<?xml version="1.0" encoding="UTF-8"?><collection xmlns="http://www.loc.gov/MARC21/slim"><record><leader>00354nam--2200133-i-4500</leader><controlfield tag="001">000037949</controlfield><controlfield tag="002">20161230</controlfield><controlfield tag="005">20161230201041</controlfield><controlfield tag="008">060222s1000------------r-----000-0-eng-d</controlfield><datafield ind1=" " ind2=" " tag="080"><subfield code="a">62-52</subfield></datafield><datafield ind1=" " ind2=" " tag="100"><subfield code="a">Rasvan, Vladimir</subfield></datafield><datafield ind1=" " ind2=" " tag="245"><subfield code="a">Stabilitatea absoluta a sistemelor automate cu intirziere</subfield></datafield><datafield ind1=" " ind2=" " tag="260"><subfield code="a">Bucuresti, Ed.Acad.R.S.R., 1975, 274p</subfield></datafield><datafield ind1=" " ind2=" " tag="852"><subfield code="a">42783</subfield></datafield></record></collection>